@book{moreno2016urbanization,
  title={Urbanization and development: Emerging futures: world cities report 2016},
  author={Moreno, Eduardo L{\'o}pez},
  year={2016},
  publisher={UN Habitat}
}

@article{bean2018,
  title={A systematic evaluation of freight carrier response to receiver reordering behaviour},
  author={Bean, Wilna L and Joubert, Johan W},
  journal={Computers \& Industrial Engineering},
  volume={124},
  pages={207--219},
  year={2018},
  publisher={Elsevier}
}

@inproceedings{figiel2014development,
  title={Development of a Framework for Freight Transportation Concepts in Megacities},
  author={Figiel, Anna and Straube, Frank and Schubach, Jenny},
  booktitle={Supply Chain Forum: An International Journal},
  volume={15},
  number={3},
  pages={12--20},
  year={2014},
  organization={Taylor \& Francis}
}

@online{jennings2017planning,
    author= {Gail Jennings},
    title = { Planning for sustainable urban freight movement, Low-Carbon Passenger Transport Solutions},
    year= {2017},
    url = { wwf.org.za/report/sustainable_urban_freight_movement}
}

@article{lindawati2014collaboration,
  title={Collaboration in urban logistics: motivations and barriers},
  author={Lindawati and van Schagen, Johan and Goh, Mark and de Souza, Robert},
  journal={International Journal of Urban Sciences},
  volume={18},
  number={2},
  pages={278--290},
  year={2014},
  publisher={Taylor \& Francis}
}

@article{evaluatingTSystems,
  title={Defining and evaluating collaborative urban freight transportation systems},
  author={Gonzalez-Feliu, Jesus and Salanova, Josep-Maria},
  journal={Procedia-Social and Behavioral Sciences},
  volume={39},
  pages={172--183},
  year={2012},
  publisher={Elsevier}
}

@article{thompson2001city,

  title={City Logistics and Freight Transport. In: Handbook of Logistics and Supply-Chain Management.},
  author={Thompson, Russell G and Taniguchi, E},
  year={2001}
}


@article{lozano2013cooperative,
  title={Cooperative game theory approach to allocating benefits of horizontal cooperation},
  author={Lozano, Sebasti{\'a}n and Moreno, Placido and Adenso-D{\'\i}az, Belarmino and Algaba, Encarnacion},
  journal={European Journal of Operational Research},
  volume={229},
  number={2},
  pages={444--452},
  year={2013},
  publisher={Elsevier}
}

@article{janjevic2018investigating,
  title={Investigating the Benefits of Shipper-driven Collaboration in Urban Freight Transport and the Effects of Various Gain-sharing Methods},
  author={Janjevic, Milena and Al Farisi, Ahmed and Nsamzinshuti, Alexis and Ndiaye, Alassane},
  journal={City Logistics 1: New Opportunities and Challenges},
  pages={105--124},
  year={2018},
  publisher={Wiley Online Library}
}

@article{gonzalez2012defining,
  title={Defining and evaluating collaborative urban freight transportation systems},
  author={Gonzalez-Feliu, Jesus and Salanova, Josep-Maria},
  journal={Procedia-Social and Behavioral Sciences},
  volume={39},
  pages={172--183},
  year={2012},
  publisher={Elsevier}
}

@article{fromen1997reducing,
  title={Reducing the number of linear programs needed for solving the nucleolus problem of n-person game theory},
  author={Fromen, Bastian},
  journal={European journal of operational research},
  volume={98},
  number={3},
  pages={626--636},
  year={1997},
  publisher={Elsevier}
}


@article{savelsbergh201650th,
  title={50th anniversary invited article—city logistics: Challenges and opportunities},
  author={Savelsbergh, Martin and Van Woensel, Tom},
  journal={Transportation Science},
  volume={50},
  number={2},
  pages={579--590},
  year={2016},
  publisher={INFORMS}
}

@article{ozener2008allocating,
  title={Allocating costs in a collaborative transportation procurement network},
  author={{\"O}zener, Okan {\"O}rsan and Ergun, {\"O}zlem},
  journal={Transportation Science},
  volume={42},
  number={2},
  pages={146--165},
  year={2008}
}

@article{cruijssen2007horizontal,
  title={Horizontal cooperation in logistics: opportunities and impediments},
  author={Cruijssen, Frans and Cools, Martine and Dullaert, Wout},
  journal={Transportation Research Part E: Logistics and Transportation Review},
  volume={43},
  number={2},
  pages={129--142},
  year={2007},
  publisher={Elsevier}
}

@article{anand2014ontology,
  title={Ontology-based multi-agent system for urban freight transportation},
  author={Anand, Nilesh and van Duin, Ron and Tavasszy, Lori},
  journal={International Journal of Urban Sciences},
  volume={18},
  number={2},
  pages={133--153},
  year={2014},
  publisher={Taylor \& Francis}
}

@article{mcdermott1974role,
  title={The role of terminal consolidation in urban goods distribution},
  author={McDermott, Dennis R and Robeson, James F},
  journal={International Journal of Physical Distribution},
  volume={4},
  number={3},
  pages={166--175},
  year={1974},
  publisher={MCB UP Ltd}
}

@article{allen2010sustainability,
  title={Sustainability strategies for city logistics},
  author={Allen, Julian and Browne, Michael and Holguin-Veras, J},
  journal={Green logistics: Improving the environmental sustainability of logistics},
  pages={282--305},
  year={2010},
  publisher={Kogan Page London}
}



@article{sonke2008the,
author = { Sönke   Behrends  and  Maria   Lindholm  and  Johan   Woxenius },
title = {The Impact of Urban Freight Transport: A Definition of Sustainability from an Actor's Perspective},
journal = {Transportation Planning and Technology},
volume = {31},
number = {6},
pages = {693-713},
year  = {2008},
publisher = {Routledge},
}

@article{giuliano2013approaches,
  title={Approaches to managing freight in metropolitan areas},
  author={Giuliano, Genevieve and Dablanc, Laetitia},
  journal={City Logistics Research: A Transatlantic Perspective},
  volume={1},
  pages={63--76},
  year={2013}
}

@book{giuliano2013synthesis,
  title={Synthesis of freight research in urban transportation planning},
  author={Giuliano, Genevieve},
  volume={23},
  year={2013},
  publisher={Transportation Research Board}
}

@inproceedings{makamo2015road,
  title={Road freight and the environment},
  author={Makamo, N and Van Rooyen, C and Venter, Karien},
  year={2015},
  organization={Southern African Transport Conference}
}

@article{havenga2011case,
  title={A case for measuring logistics costs on a national level: A South African application},
  author={Havenga, JH and Pienaar, WJ and Simpson, Z},
  journal={Corporate Ownership and Control},
  volume={8},
  number={3},
  pages={622--631},
  year={2011}
}

@article{markman2003gauteng,
  title={Gauteng congestion strategy: heavy vehicle restrictions on freeways},
  author={Markman, Terry and Steynberg, M and Van As, SC},
  journal={SATC 2003},
  year={2003},
  publisher={SATC}
}

@book{hart2018doing,
  title={Doing a literature review: Releasing the research imagination},
  author={Hart, Chris},
  year={2018},
  publisher={Sage}
}

@article{lindholm2012challenges,
  title={Challenges in urban freight transport planning--a review in the Baltic Sea Region},
  author={Lindholm, Maria and Behrends, S{\"o}nke},
  journal={Journal of Transport Geography},
  volume={22},
  pages={129--136},
  year={2012},
  publisher={Elsevier}
}

@article{macharis2014stakeholder,
  title={A stakeholder-based multicriteria evaluation framework for city distribution},
  author={Macharis, Cathy and Milan, Lauriane and Verlinde, Sara},
  journal={Research in Transportation Business \& Management},
  volume={11},
  pages={75--84},
  year={2014},
  publisher={Elsevier}
}

@book{quak2008sustainability,
  title={Sustainability of urban freight transport: Retail distribution and local regulations in cities},
  author={Quak, Hans HJ},
  number={EPS-2008-124-LIS},
  year={2008}
}

@article{garner2001towards,
  title={Towards resolving congestion in Gauteng},
  author={Garner, D and Louw, JP and Burnett, SL},
  journal={SATC 2001},
  year={2001},
  publisher={SATC}
}

@article{heyns2013traffic,
  title={A traffic congestion management plan for Gauteng?},
  author={Heyns, Werner},
  journal={SATC 2013},
  year={2013}
}

@book{jain2018essentials,
author={A. {Jain} and N. S. {Bhandari} and N. {Jain}},
title={Essential Elements of Writing a Research/Review Paper for Conference/Journals},
year={2018},
pages={131-136},
}

@article{terzi2004simulation,
  title={Simulation in the supply chain context: a survey},
  author={Terzi, Sergio and Cavalieri, Sergio},
  journal={Computers in industry},
  volume={53},
  number={1},
  pages={3--16},
  year={2004},
  publisher={Elsevier}
}

@book{morrow1994game,
  title={Game theory for political scientists},
  author={Morrow, James D},
  year={1994},
  publisher={Princeton University Press}
}

@article{wiese2010applied,
  title={Applied cooperative game theory},
  author={Wiese, Harald},
  journal={lecture notes. Available on-line at:[http://www. wifa. uni-leipzig. de/de/itvwl/mikro/lehre-teaching/bachelor-wiwi/cooperative-gametheory-1-ects. html], last accessed on},
  volume={3},
  year={2010}
}

@book{kuhn1997classics,
  title={Classics in game theory},
  author={Kuhn, Harold William},
  year={1997},
  publisher={princeton University press}
}

@article{perez2015horizontal,
  title={Horizontal cooperation in road transportation: a case illustrating savings in distances and greenhouse gas emissions},
  author={P{\'e}rez-Bernabeu, Elena and Juan, Angel A and Faulin, Javier and Barrios, Barry B},
  journal={International Transactions in Operational Research},
  volume={22},
  number={3},
  pages={585--606},
  year={2015},
  publisher={Wiley Online Library}
}

@article{ballot2010reducing,
  title={Reducing transportation CO2 emissions through pooling of supply networks: perspectives from a case study in French retail chains},
  author={Ballot, E and Fontane, F},
  journal={Production Planning \& Control},
  volume={21},
  number={6},
  pages={640--650},
  year={2010},
  publisher={Taylor \& Francis}
}

@article{caputo1996internal,
  title={Internal, vertical and horizontal logistics integration in Italian grocery distribution},
  author={Caputo, Mauro and Mininno, Valeria},
  journal={International Journal of Physical Distribution \& Logistics Management},
  volume={26},
  number={9},
  pages={64--90},
  year={1996},
  publisher={MCB UP Ltd}
}

@article{audy2012empirical,
  title={An empirical study on coalition formation and cost/savings allocation},
  author={Audy, Jean-Fran{\c{c}}ois and D’Amours, Sophie and R{\"o}nnqvist, Mikael},
  journal={International Journal of Production Economics},
  volume={136},
  number={1},
  pages={13--27},
  year={2012},
  publisher={Elsevier}
}

@article{dai2012profit,
  title={Profit allocation mechanisms for carrier collaboration in pickup and delivery service},
  author={Dai, Bo and Chen, Haoxun},
  journal={Computers \& Industrial Engineering},
  volume={62},
  number={2},
  pages={633--643},
  year={2012},
  publisher={Elsevier}
}

@phdthesis{houghtalen2007designing,
  title={Designing allocation mechanisms for carrier alliances},
  author={Houghtalen, Lori Marie},
  year={2007},
  school={Georgia Institute of Technology}
}

@article{ouhader2017combining,
  title={Combining facility location and routing decisions in sustainable urban freight distribution under horizontal collaboration: how can shippers be benefited?},
  author={Ouhader, Hanan and El Kyal, Malika},
  journal={Mathematical Problems in Engineering},
  volume={2017},
  year={2017},
  publisher={Hindawi}
}

@incollection{hadzic2013cooperative,
  title={Cooperative game theory and its application in localization algorithms},
  author={Hadzic, Senka and Mumtaz, Shahid and Rodriguez, Jonathan},
  booktitle={Game Theory Relaunched},
  pages={173},
  year={2013},
  publisher={Intech}
}

@book{branzei2008models,
  title={Models in cooperative game theory},
  author={Branzei, Rodica and Dimitrov, Dinko and Tijs, Stef},
  volume={556},
  year={2008},
  publisher={Springer Science \& Business Media}
}

@phdthesis{bean2019behavioural,
  title={Behavioural modelling of carrier and receiver collaboration in an agent-based urban transport simulation},
  author={Bean, Willemiena Lodewika},
  year={2019},
  school={University of Pretoria}
}

@techreport{defryn2013gain,
  title={Gain sharing in horizontal logistic collaboration},
  author={Defryn, Christof and Vanovermeire, Christine and S{\"o}rensen, Kenneth and Van Breedam, Alex and Vannieuwenhuyse, Bart and Verstrepen, Sven and Groep, T},
  year={2013},
  institution={Citeseer}
}

@article{guajardo2016review,
  title={A review on cost allocation methods in collaborative transportation},
  author={Guajardo, Mario and R{\"o}nnqvist, Mikael},
  journal={International transactions in operational research},
  volume={23},
  number={3},
  pages={371--392},
  year={2016},
  publisher={Wiley Online Library}
}

@article{frisk2010cost,
  title={Cost allocation in collaborative forest transportation},
  author={Frisk, Mikael and G{\"o}the-Lundgren, Maud and J{\"o}rnsten, Kurt and R{\"o}nnqvist, Mikael},
  journal={European Journal of Operational Research},
  volume={205},
  number={2},
  pages={448--458},
  year={2010},
  publisher={Elsevier}
}

@article{lemaire1984application,
  title={An application of game theory: cost allocation},
  author={Lemaire, Jean},
  journal={ASTIN Bulletin: The Journal of the IAA},
  volume={14},
  number={1},
  pages={61--81},
  year={1984},
  publisher={Cambridge University Press}
}

@article{tanczos2005analysis,
  title={Analysis of Game Theory Based Applications on Infrastructure Cost Allocation in Hungary},
  author={Tanczos, Katalin and Meszaros, Ferenc},
  year={2005},
  publisher={Association for European Transport}
}

@article{cleophas2019collaborative,
  title={Collaborative urban transportation: Recent advances in theory and practice},
  author={Cleophas, Catherine and Cottrill, Caitlin and Ehmke, Jan Fabian and Tierney, Kevin},
  journal={European Journal of Operational Research},
  volume={273},
  number={3},
  pages={801--816},
  year={2019},
  publisher={Elsevier}
}

@article{basso2019survey,
  title={A survey on obstacles and difficulties of practical implementation of horizontal collaboration in logistics},
  author={Basso, Franco and D'Amours, Sophie and R{\"o}nnqvist, Mikael and Weintraub, Andr{\'e}s},
  journal={International Transactions in Operational Research},
  volume={26},
  number={3},
  pages={775--793},
  year={2019},
  publisher={Wiley Online Library}
}

@article{wisetjindawat2003behavioral,
  title={A behavioral modeling in micro-simulation for urban freight transportation},
  author={Wisetjindawat, Wisinee and Sano, Kazushi},
  journal={Journal of the Eastern Asia Society for Transportation Studies},
  volume={5},
  number={3},
  pages={2193--2208},
  year={2003}
}

@inproceedings{borshchev2004system,
  title={From system dynamics and discrete event to practical agent based modeling: reasons, techniques, tools},
  author={Borshchev, Andrei and Filippov, Alexei},
  booktitle={Proceedings of the 22nd international conference of the system dynamics society},
  volume={22},
  year={2004},
  organization={Citeseer}
}

@article{tamagawa2010evaluating,
  title={Evaluating city logistics measures using a multi-agent model},
  author={Tamagawa, Dai and Taniguchi, Eiichi and Yamada, Tadashi},
  journal={Procedia-Social and Behavioral Sciences},
  volume={2},
  number={3},
  pages={6002--6012},
  year={2010},
  publisher={Elsevier}
}

@inproceedings{donnelly2008hybrid,
  title={A hybrid microsimulation model of freight flows},
  author={Donnelly, Rick},
  booktitle={International Conference on City Logistics, 5th, 2007, Crete, Greece},
  year={2008}
}

@inproceedings{bergkvist2004hybrid,
  title={A hybrid micro-simulator for determining the effects of governmental control policies on transport chains},
  author={Bergkvist, Markus and Davidsson, Paul and Persson, Jan A and Ramstedt, Linda},
  booktitle={International Workshop on Multi-Agent Systems and Agent-Based Simulation},
  pages={236--247},
  year={2004},
  organization={Springer}
}

@book{horni2016multi,
  title={The multi-agent transport simulation MATSim},
  author={Horni, Andreas and Nagel, Kai and Axhausen, Kay W},
  year={2016},
  publisher={Ubiquity Press London}
}

@article{abar2017agent,
  title={Agent Based Modelling and Simulation tools: A review of the state-of-art software},
  author={Abar, Sameera and Theodoropoulos, Georgios K and Lemarinier, Pierre and O’Hare, Gregory MP},
  journal={Computer Science Review},
  volume={24},
  pages={13--33},
  year={2017},
  publisher={Elsevier}
}

@techreport{zilske2012adding,
  title={Adding freight traffic to matsim},
  author={Zilske, Michael and Schr{\"o}der, Stefan and Nagel, Kai and Liedtke, Gernot},
  year={2012},
  institution={VSP Working Paper 12-02, TU Berlin, Transport Systems Planning and Transport~…}
}

@article{schroeder2012towards,
  title={Towards a multi-agent logistics and commercial transport model: The transport service provider's view},
  author={Schroeder, Stefan and Zilske, Michael and Liedtke, Gernot and Nagel, Kai},
  journal={Procedia-Social and Behavioral Sciences},
  volume={39},
  pages={649--663},
  year={2012},
  publisher={Elsevier}
}

@article{joubert2010large,
  title={Large-scale agent-based combined traffic simulation of private cars and commercial vehicles},
  author={Joubert, Johan W and Fourie, Pieter J and Axhausen, Kay W},
  journal={Transportation Research Record},
  volume={2168},
  number={1},
  pages={24--32},
  year={2010},
  publisher={SAGE Publications Sage CA: Los Angeles, CA}
}

@article{schroder2017towards,
  title={Towards an integrated multi-agent urban transport model of passenger and freight},
  author={Schr{\"o}der, Stefan and Liedtke, Gernot Thorsten},
  journal={Research in Transportation Economics},
  volume={64},
  pages={3--12},
  year={2017},
  publisher={Elsevier}
}

@article{verlinde2012consolidate,
  title={How to consolidate urban flows of goods without setting up an urban consolidation centre?},
  author={Verlinde, Sara and Macharis, Cathy and Witlox, Frank},
  journal={Procedia-Social and Behavioral Sciences},
  volume={39},
  pages={687--701},
  year={2012},
  publisher={Elsevier}
}

@article{vaishnavi2004design,
  title={Design research in information systems},
  author={Vaishnavi, Vijay and Kuechler, William},
  year={2004}
}

@article{alfrijat2009a,
author = {Alfrijat, Ahmad and Al-Msie'Deen, Ra'Fat},
year = {2009},
month = {07},
pages = {37 - 53},
title = {A Requirement Model of Local News WAP/WEB Application for Rural Community},
volume = {4},
journal = {Advances in Computer Science and Engineering}
}

@article{de2004national,
  title={National and international freight transport models: an overview and ideas for future development},
  author={De Jong, Gerard and Gunn, Hugh and Walker, Warren},
  journal={Transport Reviews},
  volume={24},
  number={1},
  pages={103--124},
  year={2004},
  publisher={Taylor \& Francis}
}

@article{mcnally2000four,
  title={The four step model},
  author={McNally, Michael G},
  year={2000}
}

@article{pendyala2000freight,
  title={Freight travel demand modeling: synthesis of approaches and development of a framework},
  author={Pendyala, Ram M and Shankar, Venky N and McCullough, Robert G},
  journal={Transportation research record},
  volume={1725},
  number={1},
  pages={9--16},
  year={2000},
  publisher={SAGE Publications Sage CA: Los Angeles, CA}
}

@article{quintero2017using,
  title={Using simheuristics to promote horizontal collaboration in stochastic city logistics},
  author={Quintero-Araujo, Carlos L and Gruler, Aljoscha and Juan, Angel A and de Armas, Jesica and Ramalhinho, Helena},
  journal={Progress in Artificial Intelligence},
  volume={6},
  number={4},
  pages={275--284},
  year={2017},
  publisher={Springer}
}

@article{erath2012large,
  title={Large-scale agent-based transport demand model for Singapore},
  author={Erath, Alexander and Fourie, Pieter Jacobus and van Eggermond, Michael AB and Ordonez Medina, Sergio Arturo and Chakirov, Artem and Axhausen, Kay W},
  journal={Arbeitsberichte Verkehrs-und Raumplanung},
  volume={790},
  year={2012},
  publisher={Future Cities Laboratory (FCL)}
}

@article{behrends2008impact,
  title={The impact of urban freight transport: A definition of sustainability from an actor's perspective},
  author={Behrends, S{\"o}nke and Lindholm, Maria and Woxenius, Johan},
  journal={Transportation planning and technology},
  volume={31},
  number={6},
  pages={693--713},
  year={2008},
  publisher={Taylor \& Francis}
}

@article{schroder2017towards,
  title={Towards an integrated multi-agent urban transport model of passenger and freight},
  author={Schr{\"o}der, Stefan and Liedtke, Gernot Thorsten},
  journal={Research in Transportation Economics},
  volume={64},
  pages={3--12},
  year={2017},
  publisher={Elsevier}
}

@article{sivakumar2007modelling,
  title={Modelling transport: a synthesis of transport modelling methodologies},
  author={Sivakumar, Aruna},
  journal={Imperial College of London},
  year={2007}
}

@article{deJong2014new,
  title={New SP-values of time and reliability for freight transport in the Netherlands},
  author={De Jong, Gerard and Kouwenhoven, Marco and Bates, John and Koster, Paul and Verhoef, Erik and Tavasszy, Lori and Warffemius, Pim},
  journal={Transportation Research Part E: Logistics and Transportation Review},
  volume={64},
  pages={71--87},
  year={2014},
  publisher={Elsevier}
}

@article{joubert2011inferring,
  title={Inferring commercial vehicle activities in Gauteng, South Africa},
  author={Joubert, Johan W and Axhausen, Kay W},
  journal={Journal of Transport Geography},
  volume={19},
  number={1},
  pages={115--124},
  year={2011},
  publisher={Elsevier}
}

@inproceedings{wisetjindawat2007micro,
  title={Micro-simulation model for modeling freight agents interactions in urban freight movement},
  author={Wisetjindawat, Wisinee and Sano, Kazushi and Matsumoto, Shoji and Raothanachonkun, Pairoj},
  booktitle={CD Proceedings, 86th Annual Meeting of the Transportation Research Board, Washington DC},
  pages={21--25},
  year={2007}
}

@article{anand2012city,
  title={City logistics modeling efforts: Trends and gaps-A review},
  author={Anand, Nilesh and Quak, Hans and van Duin, Ron and Tavasszy, Lori},
  journal={Procedia-Social and Behavioral Sciences},
  volume={39},
  pages={101--115},
  year={2012},
  publisher={Elsevier}
}

@article{young1983inter,
  title={An inter-Urban freight mode choice model},
  author={Young, W and Richardson, AJ and Ogden, KW and Rattray, AL},
  journal={Transportation Planning and Technology},
  volume={8},
  number={1},
  pages={61--80},
  year={1983},
  publisher={Taylor \& Francis}
}

@article{boerkamps2000modeling,
  title={Modeling behavioral aspects of urban freight movement in supply chains},
  author={Boerkamps, Jeroen HK and van Binsbergen, Arjan J and Bovy, Piet HL},
  journal={Transportation Research Record},
  volume={1725},
  number={1},
  pages={17--25},
  year={2000},
  publisher={SAGE Publications Sage CA: Los Angeles, CA}
}

@article{taniguchi2005evaluating,
  title={Evaluating city logistics measures considering the behavior of several stakeholders},
  author={Taniguchi, Eiichi and Tamagawa, Dai},
  journal={Journal of the Eastern Asia Society for Transportation Studies},
  volume={6},
  pages={3062--3076},
  year={2005},
  publisher={Eastern Asia Society for Transportation Studies}
}

@inproceedings{visser1996simulation,
  title={A simulation model for urban freight transport with GIS},
  author={Visser, JGSN and Maat, K},
  booktitle={GEOGRAPHIC INFORMATION SYSTEMS. PROCEEDINGS OF SEMINAR J HELD AT THE PTRC EUROPEAN TRANSPORT FORUM, BRUNEL UNIVERSITY, ENGLAND, 2-6 SEPTEMBER 1996},
  year={1996}
}


@article{holguin2008necessary,
  title={Necessary conditions for off-hour deliveries and the effectiveness of urban freight road pricing and alternative financial policies in competitive markets},
  author={Holgu{\'{i}}n-Veras, Jos{\'{e}}},
  journal={Transportation Research Part A: Policy and Practice},
  volume={42},
  number={2},
  pages={392--413},
  year={2008},
  publisher={Elsevier}
}

@article{hensher2005refocusing,
  title={Refocusing the modelling of freight distribution: Development of an economic-based framework to evaluate supply chain behaviour in response to congestion charging},
  author={Hensher, David A and Puckett, Sean M},
  journal={Transportation},
  volume={32},
  number={6},
  pages={573--602},
  year={2005},
  publisher={Springer}
}

@article{roorda2010conceptual,
  title={A conceptual framework for agent-based modelling of logistics services},
  author={Roorda, Matthew J and Cavalcante, Rinaldo and McCabe, Stephanie and Kwan, Helen},
  journal={Transportation Research Part E: Logistics and Transportation Review},
  volume={46},
  number={1},
  pages={18--31},
  year={2010},
  publisher={Elsevier}
}

@article{liedtke2004segmentation,
  title={Segmentation of the transportation market with regard to activity-based freight transport modelling},
  author={Liedtke, G and Schepperle, H},
  journal={International Journal of Logistics Research and Applications},
  volume={7},
  number={3},
  pages={199--218},
  year={2004},
  publisher={Taylor \& Francis}
}

@article{van2014generating,
  title={Generating intra and inter-provincial commercial vehicle activity chains},
  author={Van Heerden, Quintin and Joubert, Johan W},
  journal={Procedia-Social and Behavioral Sciences},
  volume={125},
  pages={136--146},
  year={2014},
  publisher={Elsevier}
}

@article{joubert2016freight,
  title={Freight activity chain generation using complex networks of connectivity},
  author={Joubert, Johan W and Meintjes, Sumarie},
  journal={Transportation Research Procedia},
  volume={12},
  pages={425--435},
  year={2016},
  publisher={Elsevier}
}

@phdthesis{bean2020behavioural,
  Type = {dissertation},
  Title = {Behavioural modelling of carrier and receiver collaboration in an agent-based urban transport simulation},
  Author = {Willemiena Lodewika Bean },
  School = {University of Pretoria},
  Year = {2020},
} 

@misc{jsprit,
  author = {Schroeder, S.},
  title = {Jsprit},
  year = {2014},
  publisher = {GitHub},
  journal = {GitHub repository},
  howpublished = {\url{https://jsprit.github.io/index.html}},
}